@MISC{URhist,
  author = {Universal Robots},
  title = {Ur history},
  year = {2017},
  howpublished = {\url{https://www.universal-robots.com/about-universal-robots/our-history/}},
  note = {last checked 21. May, 2018}
}%last checked 21. May, 2018

@MISC{DOF,
  author = {MotionControl},
  title = {Unraveling Degrees of freedom},
  year = {unknown},
  howpublished = {\url{http://motioncontrolsrobotics.com/unraveling-degrees-of-freedom-and-robot-axis-what-does-it-mean-to-have-a-multiple-axis-pick-and-place-or-multiple-axis-robot/}},
  note = {last checked 21. May, 2018}
}%last checked 21. May, 2018

@MISC{JointTrajectories,
  author = {RASMUS SKOVGAARD ANDERSEN},
  title = {Trajectories},
  year = {2018},
  howpublished = {\url{https://www.moodle.aau.dk/pluginfile.php/1283240/mod_resource/content/1/20180323_Robotics_trajectoryGeneration_Cartesian.pdf}},
  note = {last checked 21. May, 2018}
}%last checked 21. May, 2018

@MISC{Rasmus,
  author = {RASMUS SKOVGAARD ANDERSEN},
  title = {Inverse of a UR5},
  year = {2018},
  howpublished = {\url{http://rasmusan.blog.aau.dk/files/ur5_kinematics.pdf}},
  note = {last checked 21. May, 2018}
}%last checked 21. May, 2018
 
@MISC{Grundfos,
  author = {Grundfos},
  title = {About Us},
  year = {2017},
  howpublished = {\url{https://www.grundfos.com/about-us/Our\%company/group-management-structure-and-ownership/group-management.html}},
  note = {last checked 21. May, 2018}
}%last checked 21. May, 2018

@MISC{Rethink,
  author = {RethinkRobotics},
  title = {About},
  year = {2018},
  howpublished = {\url{http://www.rethinkrobotics.com/about/}},
  note = {last checked 21. May, 2018}
}%last checked 21. May, 2018

@MISC{Rethinkspec,
  author = {RethinkRobotics},
  title = {Hardware-specifications},
  year = {2012},
  howpublished = {\url{http://sdk.rethinkrobotics.com/wiki/Hardware_Specifications}},
  note = {last checked 21. May, 2018}
}%last checked 21. May, 2018

@MISC{Rethinkbillede,
  author = {Direct Industry},
  title = {direct industry},
  year = {2012},
  howpublished = {\url{http://www.directindustry.com/prod/rethink-robotics-inc/product-147867-1739614.html}},
  note = {last checked 21. May, 2018}
}%last checked 21. May, 2018

@MISC{1Grundfos,
  author = {Grundfos},
  title = {About Us},
  year = {2017},
  howpublished = {\url{https://www.grundfos.com/about-us/Our\%company/our-values-and-purpose.html}}
  ,
  note = {last checked 21. May, 2018}
}%last checked 21. May, 2018

@MISC{Grundfosrobot,
  author = {SCM},
  title = {Grundfos tester samarbejdende robotter},
  year = {2015},
  howpublished = {\url{http://scm.dk/grundfos-tester-samarbejdende-robotter}},
  note = {last checked 21. May, 2018}
}%last checked 21. May, 2018

@MISC{Robotterdel1ds,
  author = {Dansk standard},
  title = {Robotter og robotudstyr del.1},
  year = {2012},
  howpublished = {\url{https://sd-ds-dk.zorac.aub.aau.dk/Viewer/Standard?ProjectNr=M268244&Status=60.60&VariantID=&Page=0}},
  note = {last checked 21. May, 2018}
}%last checked 21. May, 2018

@MISC{Risikovurdering,
  author = {Industriens Branchearbejdsmiljøråd},
  title = {Risikovurdering},
  year = {unknown},
  howpublished = {\url{https://www.bfa-i.dk/media/3070715/risikovurdering$_$net.pdf}},
  note = {last checked 21. May, 2018}
}%last checked 21. May, 2018
 
@BOOK{Mittelbach2005,
  author = {Frank Mittelbach},
  edition = {2. ed.},
  publisher = {Addison-Wesley},
  title = {The LATEX companion},
  year = 2005
}%last checked 21. May, 2018
 
@BOOK{JohnC,
  author = {John J. Craig},
  edition = {4. ed.},
  publisher = {Pearson/Prentice Hall},
  title = {Introduction to Robotics: Mechanics and Control},
  year = 2005
}%last checked 21. May, 2018

@MISC{UR5_about,
  author = {UR},
  title = {UR Quick facts},
  year = {unknown},
  howpublished = {\url{https://www.universal-robots.com/products/ur5-robot/}},
  note = {last checked 21. May, 2018}
}%last checked 21. May, 2018

@MISC{LEAK,
  author = {TQC},
  title = {Leak Testing: Basic principles of leaks and leak testing},
  year = {2017},
  howpublished = {\url{http://tqc.co.uk/leak-testing/leak-testing-basic-principles.php}},
  note = {last checked 21. May, 2018}
}%last checked 21. May, 2018
 
@MISC{UR5_tech,
  author = {UR},
  title = {Technical specifications UR5},
  year = {2009},
  howpublished = {\url{https://www.kjv.dk/public/pdf/UR_5_Faktaarkpdf.pdf}},
  note = {last checked 21. May, 2018}
}%last checked 21. May, 2018

@MISC{ATEX,
  author = {Beredskabsstyrelsen},
  title = {ATEX},
  year = {2017},
  howpublished = {\url{http://brs.dk/forebyggelse/brand/virksomhederogoplag/atex/Pages/Atex.aspx}},
  note = {last checked 21. May, 2018}
}%last checked 21. May, 2018

@MISC{Apv,
  author = {Arbejds tilsynet},
  title = {APV},
  year = {unknown},
  howpublished = {\url{https://arbejdstilsynet.dk/da/arbejdspladsvurdering/apv-tjeklister}},
  note = {last checked 21. May, 2018}
}%last checked 21. May, 2018

@MISC{KukaHist,
  author = {Kuka},
  title = {Kuka History},
  year = {unknown},
  howpublished = {\url{https://www.kuka.com/en-de/about-kuka/history}},
  note = {last checked 21. May, 2018}
}%last checked 21. May, 2018

@MISC{KukaSpec1,
  author = {Kuka},
  title = {The LBR iiwa},
  year = {unknown},
  howpublished = {\url{https://www.kukakore.com/wp-content/uploads/2014/08/iiwa-brochure.pdf}},
  note = {last checked 21. May, 2018}
}%last checked 21. May, 2018

@MISC{FlowChartRef,
  author = {SmartDraw Software, LLC (US)},
  title = {Flowchart Symbols},
  year = {unknown},
  howpublished = {\url{https://www.smartdraw.com/flowchart/flowchart-symbols.htm}},
  note = {last checked 28. May, 2018}
}

@MISC{KukaSpec2,
  author = {Kuka},
  title = {LBR iiwa 7 R800},
  year = {unknown},
  howpublished = {\url{http://www.oir.caltech.edu/twiki_oir/pub/Palomar/ZTF/KUKARoboticArmMaterial/Spez_LBR_iiwa_en.pdf}},
  note = {last checked 21. May, 2018}
}%last checked 21. May, 2018

@MISC{ATpostions,
  author = {Jens Andersen},
  title = {Vurdering af arbejdsstillinger og arbejdsbevægelser},
  year = {1998},
  howpublished = {\url{https://arbejdstilsynet.dk/da/regler/at-vejledninger/v/4-05-3-vurdering-af-arbejdsstillinger}},
  note = {last checked 21. May, 2018}
}%last checked 21. May, 2018

@MISC{dspart2,
  author = {Dansk standard},
  title = {Robotter og robotudstyr},
  year = {2012},
  howpublished = {\url{https://sd-ds-dk.zorac.aub.aau.dk/Viewer/Standard?ProjectNr=M268247&Status=60.60&VariantID=&Page=0}},
  note = {last checked 21. May, 2018}
}%last checked 21. May, 2018

@MISC{laser,
  author = {ROFIN},
  title = {Laser Marking},
  year = {2018},
  howpublished = {\url{http://www.rofin.co.uk/applications/laser-marking}},
  note = {last checked 21. May, 2018}
}%last checked 21. May, 2018

@MISC{DH,
  author = {Ole Madsen},
  title = {Forward kinematics},
  year = {2018},
  howpublished = {\url{https://www.moodle.aau.dk/pluginfile.php/1157806/mod_resource/content/6/20180220_Robotics_ForwardKinematics.pdf}},
  note = {last checked 21. May, 2018}
}%last checked 21. May, 2018

@MISC{KinePics,
  author = {rob2B373},
  title = {Forward kinematics},
  year = {2017},
  howpublished = {\url{http://projekter.aau.dk/projekter/files/259995826/rob2b373_report.pdf}},
  note = {last checked 21. May, 2018}
}%not working

@MISC{ligthcurtian,
  author = {omeklitso},
  title = {lysbom},
  year = {2018},
  howpublished = {\url{http://www.oemklitso.dk/Produkter/Sikkerhed/Lysgitter_lysbom/Lysbom_2_3_4_straler/764453.html}},
  note = {last checked 21. May, 2018}
}%last checked 21. May, 2018

@MISC{H&S,
  author = {Grundfos},
  title = {H&S Specialist to ensure global machine/electrical safety},
  year = {2018},
  howpublished = {\url{https://www.ofir.dk/resultat/hs-specialist-to-ensure-global-machineelectrical-safety-329758672.aspx?jobId=329758672}},
  note = {last checked 21. May, 2018}
}%last checked 21. May, 2018

@MISC{UR5billede,
  author = {UR},
  title = {H&S Specialist to ensure global machine/electrical safety},
  year = {2018},
  howpublished = {\url{https://www.universal-robots.com/da/produkter/ur5-robot/}},
  note = {last checked 21. May, 2018}
}%last checked 21. May, 2018

@MISC{KUKAbillede,
  author = {RobotWorx},
  title = {KUKA LBR IIWA 7 R800},
  year = {Unknown},
  howpublished = {\url{https://www.robots.com/kuka/lbr-iiwa-7-r800}},
  note = {last checked 21. May, 2018}
}%last checked 21. May, 2018

@MISC{COO,
  author = {TechTarget},
  title = {Chief Operating Officer},
  year = {2016},
  howpublished = {\url{http://searchcio.techtarget.com/definition/Chief-Operating-Officer-COO}},
  note = {last checked 21. May, 2018}
  }%last checked 21. May, 2018
  
  @MISC{Operator,
  author = {Builders Academy},
  title = {What is a Plant Operator?},
  year = {2016},
  howpublished = {\url{https://buildersacademy.com.au/what-is-a-plant-operator}},
  note = {last checked 21. May, 2018}
  }%last checked 21. May, 2018
  
  @MISC{Productionteamleader,
  author = {Chron},
  title = {Production Team Leaders},
  year = {2018},
  howpublished = {\url{http://smallbusiness.chron.com/responsibilities-production-team-leaders-61516.html}},
  note = {last checked 21. May, 2018}
  }%last checked 21. May, 2018
  
  @MISC {ISO10218-2,
  author = {Danish Standards},
  title = {Robots and robotic devices - safety requirements for industrial robots - part 2: robot system and integration},
  year = {2011},
  howpublished = {\url{https://sd-ds-dk.zorac.aub.aau.dk/Viewer/Standard?ProjectNr=M268247&Status=60.60&VariantID=&Page=0}},
  note = {last checked 21. May, 2018}
  }%last checked 21. May, 2018
  
  @MISC {plantmanager,
  author = {Snagajob},
  title = {Plant Manager Job Description},
  year = {unknown},
  howpublished = {\url{https://www.snagajob.com/job-descriptions/plant-manager/}},
  note = {last checked 21. May, 2018}
  }%last checked 21. May, 2018
  
   @MISC {sensors,
  author = {Devesh Singh & Proteus Ind},
  title = {Which type of Sensors use in industrial robots?},
  year = {2016},
  howpublished = {\url{https://www.quora.com/Which-type-of-Sensors-use-in-industrial-robots}},
  note = {last checked 21. May, 2018}
  }%last checked 21. May, 2018

    @MISC {Lidar,
  author = {sick},
  title = {TiM3xx},
  year = {2017},
  howpublished = {\url{https://www.sick.com/ag/en/detection-and-ranging-solutions/2d-lidar-sensors/tim3xx/c/g205751}},
  note = {last checked 21. May, 2018}
  }%last checked 21. May, 2018
  
 @MISC {SafetyatGrundfos,
  author = {Universal Robots},
  title = {The future is collaborative},
  year = {2016},
  howpublished = {\url{https://www.universal-robots.com/media/1594215/10971_199901_ur_main_product_brochure_eng_low.pdf}},
  note = {last checked 21. May, 2018}
  }%last checked 21. May, 2018
 
  
   @MISC {Case,
  author = {Dimitris Chrysostomou},
  title = {case-flexible workstation},
  year = {2018},
  howpublished = {\url{https://www.moodle.aau.dk/pluginfile.php/1148501/mod_forum/attachment/205340/ROB2\%flexible\%workstation.pdf}},
  note = {last checked 21. May, 2018}
  }%last checked 21. May, 2018


 @MISC {3Sing,
  author = {Alex Owen-Hill},
  title = {Why singularities can ruin your day},
  year = {2016},
  howpublished = {\url{https://blog.robotiq.com/why-singularities-can-ruin-your-day}},
  note = {last checked 21. May, 2018}
  }%last checked 21. May, 2018


 @MISC {SICKfo,
  author = {SICK},
  title = {Fotoceller},
  year = {2018},
  howpublished = {\url{https://www.sick.com/dk/da/fotoceller/fotoceller/c/g172752xp2}},
  note = {last checked 21. May, 2018}
  }%last checked 21. May, 2018
  
   @MISC {SICKin,
  author = {SICK},
  title = {Induktive sensorer},
  year = {2018},
  howpublished = {\url{https://www.sick.com/dk/da/nrhedssensorer/induktive-sensorer/c/g190731}},
  note = {last checked 21. May, 2018}
  }%last checked 21. May, 2018
  
   @MISC {LEAK2,
  author = {Forward Tech},
  title = {Leak Tester},
  year = {unknown},
  howpublished = {\url{http://www.forwardtech.com/product/leaktester}},
  note = {last checked 21. May, 2018}
  }%last checked 21. May, 2018
  
    @MISC {UserManual,
  author = {UR5},
  title = {User Manual for UR5},
  year = {unknown},
  howpublished = {\url{https://danskrobotteknik.dk/nye/UR5_User_Manual_da_Global.pdf}},
  note = {last checked 21. May, 2018}
  }%last checked 21. May, 2018
  
  
   @MISC {SICKka,
  author = {SICK},
  title = {Kapacitive sensorer},
  year = {2018},
  howpublished = {\url{https://www.sick.com/dk/da/nrhedssensorer/kapacitive-sensorer/c/g201659}},
  note = {last checked 21. May, 2018}
  }%last checked 21. May, 2018
  
     @MISC {DHPar,
  author = {Zacobria},
  title = {UR Script},
  year = {Unknown},
  howpublished = {\url{http://www.zacobria.com/universal-robots-zacobria-forum-hints-tips-how-to/script-client-server-example/},
  note = {last checked 21. May, 2018}
 }%last checked 21. May, 2018
  
       @MISC {Coboau,
  author = {Prasad Akella, Michael Peshkin, Ed Colgate*, Witaya Wannasuphoprasit,
Nidamaluri Nagesht, Jim Wells, Steve Holland, Tom Pearson and Brian Peacockt },
  title = {Cobots for the automobile assembly line.},
  year = {1999},
  howpublished = {\url{http://akellas.org/prasad/wp-content/uploads/2014/03/Akella-Cobots-IEEE-ICRA1999.pdf}},
  note = {last checked 21. May, 2018}
  }%last checked 21. May, 2018
  
         @MISC {robotsave,
  author = {Elizabeth Engler Modic (Edited by) },
  title = {Robots save miles of walking, improve production flow.},
  year = {2016},
  howpublished = {\url{http://www.todaysmedicaldevelopments.com/article/robots-save-miles-of-walking-improve-production-flow/}},
  note = {last checked 21. May, 2018}
  }%last checked 21. May, 2018

  @MISC {cam,
  author = {Akhilesh Kumar Mishra, Oscar Meruvia-Pastor },
  title = {Robot Arm Manipulation Using Depth-Sensing
Cameras and Inverse Kinematics },
  year = {2016},
  howpublished = {\url{http://www.cs.mun.ca/~omeruvia/research/publications/2015_0120_Oceans14_IEEE_ID_7003029.pdf}},
  note = {last checked 21. May, 2018}
  }%last checked 21. May, 2018
  
   @MISC {Dexterous,
  author = {Bruno Siciliano,Oussama Khatib},
  title = {Springer Handbook of Robotics},
  year = {2016},
  howpublished = {\url{https://books.google.dk/books?id=RTvADAAAQBAJ&pg=PA404&lpg=PA404&dq=dexterous+workspace+definition&source=bl&ots=QS5cZPPOxy&sig=pjJDBBtutfBYwVZf9wRoA8Fc5BI&hl=da&sa=X&ved=0ahUKEwjKrf7J1_jZAhVMKpoKHYCnAosQ6AEIbDAI#v=onepage&q=dexterous\%20workspace\%20definition&f=false}},
  note = {last checked 21. May, 2018}
  }%last checked 21. May, 2018
  
   @online {documentray,
  author = {Grundfos Pumps},
  title = {About Poul Due Jensen (PDJ) – One Of A Kind},
  year = {2012},
  howpublished = {\url{https://www.youtube.com/watch?v=KKV5bWTFd-s}},
  note = {last checked 21. May, 2018}
  }%last checked 21. May, 2018
  
     @online {Trajectory,
  author = {MIT lecture notes},
  title = {Trajectory Calculation},
  year = {2016},
  howpublished = {\url{http://web.mit.edu/16.unified/www/FALL/systems/Lab_Notes/traj.pdf}},
  note = {last checked 21. May, 2018}
  }%last checked 21. May, 2018
  
     @online {Ggoal6,
  author = {Grundfos},
  title = {Sustainability report 2016},
  year = {2017},
  howpublished = {\url{http://magazines.grundfos.com/Grundfos/SU/COM/UK/sustainability-report-2016/?page=1}},
  note = {last checked 21. May, 2018}
  }%last checked 21. May, 2018
  
  @MISC {Gripper1,
  author = {Robotics Bible},
  title = {Vacuum Grippers},
  year = {2011},
  howpublished = {\url{http://www.roboticsbible.com/vacuum-grippers.html}},
  note = {last checked 21. May, 2018}
  }%last checked 21. May, 2018
  
  @MISC {MagnetCite,
  author = {Goudsmith Magnetic Systems},
  title = {Magnet Grippers},
  year = {Unknown},
  howpublished = {\url{https://www.goudsmitmagnets.com/data/repository/documents/Brochure_Magnet_grippers_EN_V2.pdf}},
  note = {last checked 21. May, 2018}
  } %last checked 21. May, 2018
  
  @MISC {RepeatWhat,
  author = {Ahmed Joubair, Eng. Ph.D.},
  title = {What are Accuracy and Repeatability in Industrial Robots?},
  year = {2014},
  howpublished = {\url{https://blog.robotiq.com/bid/72766/What-are-Accuracy-and-Repeatability-in-Industrial-Robots}},
  note = {last checked 21. May, 2018}
  }
  
  @MISC {Gripper2,
  author = {Robotics Bible},
  title = {Robot magnetic grippers},
  year = {2011},
  howpublished = {\url{http://www.roboticsbible.com/robot-magnetic-grippers.html}},
  note = {last checked 21. May, 2018}
  }%last checked 21. May, 2018
  
  @MISC {Gripper3,
  author = {Robotics Bible},
  title = {Miscellaneous robot Grippers},
  year = {2011},
  howpublished = {\url{http://www.roboticsbible.com/miscellaneous-robot-gripper-types.html}},
  note = {last checked 21. May, 2018}
  }%last checked 21. May, 2018
  
     @online {goal6,
  author = {United Nations},
  title = {SUSTAINABLE DEVELOPMENT GOAL 6},
  year = {2017},
  howpublished = {\url{https://sustainabledevelopment.un.org/sdg6}},
  note = {last checked 21. May, 2018}
  }%last checked 21. May, 2018
   @online {rethinkbaxter,
  author = {Rethink Robotics},
  title = {Baxter},
  year = {201},
  howpublished = {\url{http://www.rethinkrobotics.com/baxter/}},
  note = {http://www.rethinkrobotics.com/baxter/ \\last checked 21. May, 2018}
  }

  
  
  @article{doi:10.1177/1729881417718588,
author = {Andreas Dömel and Simon Kriegel and Michael Kaßecker and Manuel Brucker and Tim Bodenmüller and Michael Suppa},
title ={Toward fully autonomous mobile manipulation for industrial environments},
journal = {International Journal of Advanced Robotic Systems},
volume = {14},
number = {4},
pages = {1729881417718588},
year = {2017},
doi = {10.1177/1729881417718588},
URL = {https://doi.org/10.1177/1729881417718588},
eprint = {https://doi.org/10.1177/1729881417718588}, 
note = {last checked 21. May, 2018}
}%last checked 21. May, 2018

   @online {MWC,
  author = {Metal work},
  title = {Metal work Catalog},
  year = {2018},
  howpublished = {\url{http://media.metalwork.it/catalogue-eng/files/assets/basic-html/page-214.html#}},
  note = {http://media.metalwork.it/catalogue-eng/files/assets/basic-html/page-214.html# \\last checked 21. May, 2018}
  }%last checked 21. May, 2018
   @online {FRUNS,
  author = {FRUNS},
  title = {FURNS-catalog},
  year = {2018},
  howpublished = {\url{http://www.manipulators.furnstech.com/motorized-manipulators.html}},
  note = {last checked 21. May, 2018}
  }%last checked 21. May, 2018

 @online {CHRobotics,
  author = {CHRobotics LLC},
  title = {understanding-euler-angles},
  year = {unknown},
  howpublished = {\url{http://www.chrobotics.com/library/understanding-euler-angles}},
  note = {last checked 21. May, 2018}
  }%last checked 21. May, 2018
 
  @online {opengl-tutorial,
  author = {Opengl},
  title = {tutorial-17-quaternions},
  year = {unknown},
  howpublished = {\url{http://www.opengl-tutorial.org/intermediate-tutorials/tutorial-17-quaternions/}},
  note = {last checked 21. May, 2018}
  }%last checked 21. May, 2018
  
   @online {testfilm,
  author = {B229},
  title = {Movie test},
  year = {2018},
  howpublished = {\url{https://drive.google.com/drive/folders/1TgVSSrAKdZ2cSKQkZaB5i0j0Y07CcL22?usp=sharing}},
  note = {last checked 21. May, 2018}
  }%last checked 21. May, 2018
  
  @unknown{dummyframe,
author = {Singh, Amanpreet and Singla, Ashish and Soni, Sanjeev},
year = {2014},
month = {08},
pages = {},
title = {D-H parameters augmented with dummy frames for serial manipulators containing spatial links},
volume = {2014},
booktitle = {Proceedings - IEEE International Workshop on Robot and Human Interactive Communication}
}

@online {Maple,
author = {B229},
title = {Maple Document},
year = {2018},
howpublished = {\url{https://drive.google.com/drive/folders/1TgVSSrAKdZ2cSKQkZaB5i0j0Y07CcL22}},
note = {last checked 21. May, 2018}
}